@misc{wiki:Knapsack_problem,
  author = "Wikipedia",
  title = "{Knapsack problem} --- {W}ikipedia{,} The Free Encyclopedia",
  year = "2022",
  howpublished = {\url{http://en.wikipedia.org/w/index.php?title=Knapsack\%20problem&oldid=1088471265}},
  note = "[Online; accessed 23-May-2022]"
}
